@book{chen1998linear,
  title={Linear system theory and design},
  author={Chen, Chi-Tsong},
  year={1998},
  publisher={Oxford University Press, Inc.}
}
